time,price,qty
2025-06-17 17:40:54.977000+02:00,1.15240000,63.70000000
2025-06-17 17:40:55.660000+02:00,1.15240000,14.70000000
2025-06-17 17:41:01.529000+02:00,1.15240000,434.30000000
2025-06-17 17:41:06.284000+02:00,1.15250000,1230.80000000
2025-06-17 17:41:06.900000+02:00,1.15250000,500.00000000
2025-06-17 17:41:06.902000+02:00,1.15250000,1660.00000000
2025-06-17 17:41:06.902000+02:00,1.15250000,2100.40000000
2025-06-17 17:41:06.902000+02:00,1.15250000,3020.80000000
2025-06-17 17:41:06.902000+02:00,1.15250000,4295.10000000
2025-06-17 17:41:06.998000+02:00,1.15250000,791.60000000
2025-06-17 17:41:08.815000+02:00,1.15260000,500.60000000
2025-06-17 17:41:12.412000+02:00,1.15270000,500.00000000
2025-06-17 17:41:12.834000+02:00,1.15270000,19.60000000
2025-06-17 17:41:13.374000+02:00,1.15280000,21.90000000
2025-06-17 17:41:15.974000+02:00,1.15280000,2136.50000000
2025-06-17 17:41:15.987000+02:00,1.15280000,4246.00000000
2025-06-17 17:41:15.998000+02:00,1.15280000,500.00000000
2025-06-17 17:41:15.998000+02:00,1.15280000,200.30000000
2025-06-17 17:41:15.998000+02:00,1.15280000,300.20000000
2025-06-17 17:41:15.998000+02:00,1.15280000,699.20000000
2025-06-17 17:41:15.998000+02:00,1.15280000,0.10000000
2025-06-17 17:41:15.998000+02:00,1.15280000,999.40000000
2025-06-17 17:41:16.006000+02:00,1.15280000,319.20000000
2025-06-17 17:41:16.006000+02:00,1.15280000,319.20000000
2025-06-17 17:41:16.008000+02:00,1.15280000,62.10000000
2025-06-17 17:41:16.008000+02:00,1.15280000,71.30000000
2025-06-17 17:41:16.009000+02:00,1.15280000,133.40000000
2025-06-17 17:41:16.011000+02:00,1.15280000,319.20000000
2025-06-17 17:41:16.012000+02:00,1.15280000,319.20000000
2025-06-17 17:41:16.013000+02:00,1.15280000,319.20000000
2025-06-17 17:41:16.015000+02:00,1.15280000,319.20000000
2025-06-17 17:41:17.149000+02:00,1.15280000,218.40000000
2025-06-17 17:41:17.149000+02:00,1.15280000,100.80000000
2025-06-17 17:41:17.150000+02:00,1.15280000,319.20000000
2025-06-17 17:41:17.152000+02:00,1.15280000,319.20000000
2025-06-17 17:41:17.152000+02:00,1.15280000,319.20000000
2025-06-17 17:41:17.153000+02:00,1.15280000,231.40000000
2025-06-17 17:41:18.749000+02:00,1.15280000,319.20000000
2025-06-17 17:41:18.749000+02:00,1.15280000,90.90000000
2025-06-17 17:41:18.749000+02:00,1.15280000,228.30000000
2025-06-17 17:41:18.752000+02:00,1.15280000,319.20000000
2025-06-17 17:41:18.753000+02:00,1.15280000,319.20000000
2025-06-17 17:41:21.219000+02:00,1.15280000,111.80000000
2025-06-17 17:41:21.248000+02:00,1.15280000,3999.00000000
2025-06-17 17:41:22.655000+02:00,1.15280000,434.50000000
2025-06-17 17:41:23.044000+02:00,1.15280000,434.50000000
2025-06-17 17:41:23.050000+02:00,1.15280000,191.20000000
2025-06-17 17:41:23.050000+02:00,1.15280000,243.30000000
2025-06-17 17:41:23.122000+02:00,1.15280000,434.50000000
2025-06-17 17:41:23.682000+02:00,1.15280000,19.50000000
2025-06-17 17:41:24.372000+02:00,1.15280000,434.50000000
2025-06-17 17:41:24.376000+02:00,1.15290000,2631.20000000
2025-06-17 17:41:24.531000+02:00,1.15280000,434.50000000
2025-06-17 17:41:25.156000+02:00,1.15280000,4500.00000000
2025-06-17 17:41:25.159000+02:00,1.15280000,476.10000000
2025-06-17 17:41:25.159000+02:00,1.15280000,155.80000000
2025-06-17 17:41:25.159000+02:00,1.15280000,26.00000000
2025-06-17 17:41:26.773000+02:00,1.15280000,20.00000000
2025-06-17 17:41:26.994000+02:00,1.15280000,836.80000000
2025-06-17 17:41:27.056000+02:00,1.15280000,38.20000000
2025-06-17 17:41:27.761000+02:00,1.15280000,17.30000000
2025-06-17 17:41:27.767000+02:00,1.15280000,417.10000000
2025-06-17 17:41:28.465000+02:00,1.15280000,434.50000000
2025-06-17 17:41:28.623000+02:00,1.15280000,1303.50000000
2025-06-17 17:41:31.984000+02:00,1.15280000,869.00000000
2025-06-17 17:41:32.470000+02:00,1.15280000,1303.50000000
2025-06-17 17:41:32.694000+02:00,1.15290000,21.00000000
2025-06-17 17:41:32.786000+02:00,1.15280000,71.10000000
2025-06-17 17:41:33.390000+02:00,1.15280000,434.50000000
2025-06-17 17:41:33.447000+02:00,1.15280000,869.00000000
2025-06-17 17:41:33.635000+02:00,1.15280000,434.50000000
2025-06-17 17:41:40.774000+02:00,1.15280000,434.30000000
2025-06-17 17:41:41.993000+02:00,1.15280000,737.20000000
2025-06-17 17:41:42.376000+02:00,1.15280000,434.30000000
2025-06-17 17:41:42.851000+02:00,1.15280000,66.60000000
2025-06-17 17:41:44.682000+02:00,1.15280000,99.00000000
2025-06-17 17:41:49.299000+02:00,1.15280000,14.70000000
2025-06-17 17:41:50.827000+02:00,1.15280000,434.40000000
2025-06-17 17:41:51.404000+02:00,1.15280000,79.10000000
2025-06-17 17:41:54.554000+02:00,1.15280000,434.40000000
2025-06-17 17:41:57.363000+02:00,1.15280000,868.40000000
2025-06-17 17:42:02.058000+02:00,1.15280000,278.30000000
2025-06-17 17:42:03.250000+02:00,1.15280000,434.10000000
2025-06-17 17:42:09.849000+02:00,1.15280000,49.00000000
2025-06-17 17:42:17.389000+02:00,1.15290000,533.00000000
2025-06-17 17:42:18.427000+02:00,1.15280000,867.60000000
2025-06-17 17:42:18.498000+02:00,1.15280000,455.50000000
2025-06-17 17:42:18.498000+02:00,1.15280000,412.10000000
2025-06-17 17:42:18.837000+02:00,1.15280000,1301.40000000
2025-06-17 17:42:19.213000+02:00,1.15280000,10.00000000
2025-06-17 17:42:19.760000+02:00,1.15280000,15.00000000
2025-06-17 17:42:19.771000+02:00,1.15280000,15.00000000
2025-06-17 17:42:20.320000+02:00,1.15280000,433.80000000
2025-06-17 17:42:22.552000+02:00,1.15290000,375.60000000
2025-06-17 17:42:25.348000+02:00,1.15280000,20.00000000
2025-06-17 17:42:25.407000+02:00,1.15280000,433.90000000
2025-06-17 17:42:26.531000+02:00,1.15290000,43.40000000
2025-06-17 17:42:27.633000+02:00,1.15290000,906.00000000
2025-06-17 17:42:29.480000+02:00,1.15280000,1914.10000000
2025-06-17 17:42:29.480000+02:00,1.15280000,1085.90000000
2025-06-17 17:42:31.446000+02:00,1.15290000,8.00000000
2025-06-17 17:42:31.546000+02:00,1.15280000,9.70000000
2025-06-17 17:42:33.912000+02:00,1.15290000,522.70000000
2025-06-17 17:42:34.303000+02:00,1.15280000,433.70000000
2025-06-17 17:42:46.229000+02:00,1.15280000,4895.10000000
2025-06-17 17:42:46.564000+02:00,1.15290000,499.40000000
2025-06-17 17:42:47.124000+02:00,1.15280000,433.80000000
2025-06-17 17:42:47.208000+02:00,1.15290000,701.20000000
2025-06-17 17:42:57.014000+02:00,1.15280000,433.60000000
2025-06-17 17:42:57.051000+02:00,1.15290000,433.40000000
2025-06-17 17:42:57.052000+02:00,1.15290000,433.40000000
2025-06-17 17:42:57.071000+02:00,1.15280000,433.60000000
2025-06-17 17:42:57.415000+02:00,1.15290000,362.50000000
2025-06-17 17:42:57.522000+02:00,1.15290000,708.90000000
2025-06-17 17:42:57.777000+02:00,1.15290000,362.60000000
2025-06-17 17:43:01.500000+02:00,1.15290000,166.90000000
2025-06-17 17:43:01.500000+02:00,1.15290000,166.60000000
2025-06-17 17:43:01.500000+02:00,1.15290000,166.90000000
2025-06-17 17:43:01.500000+02:00,1.15290000,166.90000000
2025-06-17 17:43:01.500000+02:00,1.15290000,166.90000000
2025-06-17 17:43:01.501000+02:00,1.15290000,1806.80000000
2025-06-17 17:43:02.892000+02:00,1.15300000,7.50000000
2025-06-17 17:43:07.650000+02:00,1.15290000,250.00000000
2025-06-17 17:43:07.888000+02:00,1.15290000,15.00000000
2025-06-17 17:43:12.793000+02:00,1.15290000,100.00000000
2025-06-17 17:43:16.881000+02:00,1.15300000,1438.40000000
2025-06-17 17:43:17.021000+02:00,1.15300000,499.40000000
2025-06-17 17:43:24.849000+02:00,1.15290000,19.60000000
2025-06-17 17:43:36.415000+02:00,1.15290000,433.40000000
2025-06-17 17:43:36.568000+02:00,1.15300000,253.60000000
2025-06-17 17:43:36.573000+02:00,1.15300000,229.80000000
2025-06-17 17:43:38.491000+02:00,1.15300000,432.80000000
2025-06-17 17:43:38.642000+02:00,1.15300000,1273.30000000
2025-06-17 17:43:38.642000+02:00,1.15300000,96.80000000
2025-06-17 17:43:40.247000+02:00,1.15290000,290.00000000
2025-06-17 17:43:40.712000+02:00,1.15290000,80.40000000
2025-06-17 17:43:44.643000+02:00,1.15290000,847.70000000
2025-06-17 17:43:46.201000+02:00,1.15300000,251.20000000
2025-06-17 17:43:46.736000+02:00,1.15290000,433.20000000
2025-06-17 17:43:49.194000+02:00,1.15290000,220.50000000
2025-06-17 17:43:51.224000+02:00,1.15290000,79.00000000
2025-06-17 17:44:02.636000+02:00,1.15300000,499.60000000
2025-06-17 17:44:03.575000+02:00,1.15290000,5000.00000000
2025-06-17 17:44:04.691000+02:00,1.15290000,17.20000000
2025-06-17 17:44:12.995000+02:00,1.15290000,1349.10000000
2025-06-17 17:44:16.692000+02:00,1.15300000,1104.20000000
2025-06-17 17:44:17.284000+02:00,1.15290000,65.70000000
2025-06-17 17:44:19.033000+02:00,1.15290000,71.00000000
2025-06-17 17:44:19.455000+02:00,1.15300000,2255.60000000
2025-06-17 17:44:21.880000+02:00,1.15290000,45.40000000
2025-06-17 17:44:22.957000+02:00,1.15300000,30.00000000
2025-06-17 17:44:23.730000+02:00,1.15290000,20.00000000
2025-06-17 17:44:26.309000+02:00,1.15290000,1000.00000000
2025-06-17 17:44:26.556000+02:00,1.15300000,457.10000000
2025-06-17 17:44:26.558000+02:00,1.15300000,566.80000000
2025-06-17 17:44:29.721000+02:00,1.15300000,676.60000000
2025-06-17 17:44:29.722000+02:00,1.15300000,499.70000000
2025-06-17 17:44:29.827000+02:00,1.15300000,499.80000000
2025-06-17 17:44:29.831000+02:00,1.15300000,499.70000000
2025-06-17 17:44:29.837000+02:00,1.15300000,4551.30000000
2025-06-17 17:44:30.677000+02:00,1.15300000,433.70000000
2025-06-17 17:44:30.686000+02:00,1.15290000,433.80000000
2025-06-17 17:44:30.794000+02:00,1.15300000,113.40000000
2025-06-17 17:44:30.991000+02:00,1.15290000,5.40000000
2025-06-17 17:44:33.121000+02:00,1.15300000,200.40000000
2025-06-17 17:44:33.121000+02:00,1.15300000,750.00000000
2025-06-17 17:44:33.486000+02:00,1.15300000,337.30000000
2025-06-17 17:44:36.511000+02:00,1.15300000,1290.70000000
2025-06-17 17:44:36.511000+02:00,1.15300000,8509.70000000
2025-06-17 17:44:36.511000+02:00,1.15300000,1588.90000000
2025-06-17 17:44:36.511000+02:00,1.15300000,1998.00000000
2025-06-17 17:44:36.511000+02:00,1.15300000,77.20000000
2025-06-17 17:44:36.511000+02:00,1.15300000,2996.40000000
2025-06-17 17:44:36.511000+02:00,1.15300000,1123.30000000
2025-06-17 17:44:36.514000+02:00,1.15300000,1968.10000000
2025-06-17 17:44:36.514000+02:00,1.15300000,1397.30000000
2025-06-17 17:44:36.514000+02:00,1.15300000,5.40000000
2025-06-17 17:44:36.517000+02:00,1.15300000,319.10000000
2025-06-17 17:44:36.518000+02:00,1.15300000,246.50000000
2025-06-17 17:44:36.518000+02:00,1.15300000,72.60000000
2025-06-17 17:44:36.519000+02:00,1.15300000,319.10000000
2025-06-17 17:44:38.308000+02:00,1.15300000,1576.60000000
2025-06-17 17:44:38.308000+02:00,1.15300000,1968.30000000
2025-06-17 17:44:38.308000+02:00,1.15300000,1455.10000000
2025-06-17 17:44:39.884000+02:00,1.15310000,458.90000000
2025-06-17 17:44:44.011000+02:00,1.15310000,1898.50000000
2025-06-17 17:44:45.013000+02:00,1.15300000,513.20000000
2025-06-17 17:44:45.013000+02:00,1.15300000,317.80000000
2025-06-17 17:44:47.531000+02:00,1.15300000,20.00000000
2025-06-17 17:44:48.155000+02:00,1.15300000,344.00000000
2025-06-17 17:44:49.972000+02:00,1.15310000,1624.40000000
2025-06-17 17:44:49.972000+02:00,1.15310000,500.00000000
2025-06-17 17:44:49.972000+02:00,1.15310000,1503.70000000
2025-06-17 17:44:49.976000+02:00,1.15300000,434.80000000
2025-06-17 17:44:49.983000+02:00,1.15300000,434.80000000
2025-06-17 17:44:49.989000+02:00,1.15300000,434.80000000
2025-06-17 17:44:49.996000+02:00,1.15300000,434.80000000
2025-06-17 17:44:50.001000+02:00,1.15300000,434.80000000
2025-06-17 17:44:50.006000+02:00,1.15300000,434.80000000
2025-06-17 17:44:50.012000+02:00,1.15300000,434.80000000
2025-06-17 17:44:50.019000+02:00,1.15300000,434.80000000
2025-06-17 17:44:50.025000+02:00,1.15300000,434.80000000
2025-06-17 17:44:50.030000+02:00,1.15300000,434.80000000
2025-06-17 17:44:50.039000+02:00,1.15300000,434.80000000
2025-06-17 17:44:50.045000+02:00,1.15300000,434.80000000
2025-06-17 17:44:50.051000+02:00,1.15300000,434.80000000
2025-06-17 17:44:50.057000+02:00,1.15300000,434.80000000
2025-06-17 17:44:50.064000+02:00,1.15300000,434.80000000
2025-06-17 17:44:50.069000+02:00,1.15300000,434.80000000
2025-06-17 17:44:50.073000+02:00,1.15300000,434.80000000
2025-06-17 17:44:50.080000+02:00,1.15300000,434.80000000
2025-06-17 17:44:50.086000+02:00,1.15300000,434.80000000
2025-06-17 17:44:50.091000+02:00,1.15300000,434.80000000
2025-06-17 17:44:50.096000+02:00,1.15300000,434.80000000
2025-06-17 17:44:50.102000+02:00,1.15300000,434.80000000
2025-06-17 17:44:50.108000+02:00,1.15300000,434.80000000
2025-06-17 17:44:50.114000+02:00,1.15300000,434.80000000
2025-06-17 17:44:50.120000+02:00,1.15300000,434.80000000
2025-06-17 17:44:50.126000+02:00,1.15300000,434.80000000
2025-06-17 17:44:50.131000+02:00,1.15300000,434.80000000
2025-06-17 17:44:50.136000+02:00,1.15300000,314.50000000
2025-06-17 17:44:50.136000+02:00,1.15300000,120.30000000
2025-06-17 17:44:50.142000+02:00,1.15300000,434.80000000
2025-06-17 17:44:50.147000+02:00,1.15300000,434.80000000
2025-06-17 17:44:50.154000+02:00,1.15300000,434.80000000
2025-06-17 17:44:50.160000+02:00,1.15300000,434.80000000
2025-06-17 17:44:51.130000+02:00,1.15300000,434.80000000
2025-06-17 17:44:51.138000+02:00,1.15300000,434.80000000
2025-06-17 17:44:52.995000+02:00,1.15300000,1205.50000000
2025-06-17 17:44:53.253000+02:00,1.15310000,511.70000000
2025-06-17 17:44:58.989000+02:00,1.15300000,447.60000000
2025-06-17 17:44:59.252000+02:00,1.15300000,317.10000000
2025-06-17 17:45:01.012000+02:00,1.15300000,11971.20000000
2025-06-17 17:45:01.012000+02:00,1.15300000,5388.30000000
2025-06-17 17:45:02.349000+02:00,1.15310000,173.40000000
2025-06-17 17:45:03.200000+02:00,1.15300000,250.00000000
2025-06-17 17:45:03.202000+02:00,1.15310000,10547.10000000
2025-06-17 17:45:03.202000+02:00,1.15310000,3837.30000000
2025-06-17 17:45:03.202000+02:00,1.15310000,766.20000000
2025-06-17 17:45:03.205000+02:00,1.15310000,388.80000000
2025-06-17 17:45:03.205000+02:00,1.15310000,388.80000000
2025-06-17 17:45:03.206000+02:00,1.15310000,222.50000000
2025-06-17 17:45:03.209000+02:00,1.15310000,166.20000000
2025-06-17 17:45:03.209000+02:00,1.15310000,152.90000000
2025-06-17 17:45:03.209000+02:00,1.15310000,235.90000000
2025-06-17 17:45:03.209000+02:00,1.15310000,83.20000000
2025-06-17 17:45:03.211000+02:00,1.15310000,72.70000000
2025-06-17 17:45:03.211000+02:00,1.15310000,232.90000000
2025-06-17 17:45:03.211000+02:00,1.15310000,86.20000000
2025-06-17 17:45:03.212000+02:00,1.15310000,220.80000000
2025-06-17 17:45:09.051000+02:00,1.15310000,34.80000000
2025-06-17 17:45:11.680000+02:00,1.15310000,433.60000000
2025-06-17 17:45:12.159000+02:00,1.15320000,29.50000000
2025-06-17 17:45:12.834000+02:00,1.15310000,186.20000000
2025-06-17 17:45:13.007000+02:00,1.15310000,1001.30000000
2025-06-17 17:45:14.084000+02:00,1.15320000,470.50000000
2025-06-17 17:45:14.084000+02:00,1.15320000,3156.30000000
2025-06-17 17:45:15.909000+02:00,1.15320000,526.60000000
2025-06-17 17:45:17.857000+02:00,1.15310000,433.60000000
2025-06-17 17:45:20.256000+02:00,1.15320000,500.20000000
2025-06-17 17:45:20.256000+02:00,1.15320000,499.70000000
2025-06-17 17:45:20.259000+02:00,1.15320000,319.10000000
2025-06-17 17:45:20.260000+02:00,1.15320000,116.60000000
2025-06-17 17:45:20.260000+02:00,1.15320000,202.50000000
2025-06-17 17:45:20.261000+02:00,1.15320000,319.10000000
2025-06-17 17:45:21.118000+02:00,1.15320000,31.20000000
2025-06-17 17:45:22.591000+02:00,1.15320000,21.60000000
2025-06-17 17:45:26.990000+02:00,1.15330000,1683.20000000
2025-06-17 17:45:30.213000+02:00,1.15330000,956.90000000
2025-06-17 17:45:30.215000+02:00,1.15330000,1543.90000000
2025-06-17 17:45:31.394000+02:00,1.15320000,433.70000000
2025-06-17 17:45:32.995000+02:00,1.15320000,2260.50000000
2025-06-17 17:45:35.109000+02:00,1.15330000,435.00000000
2025-06-17 17:45:35.109000+02:00,1.15330000,435.00000000
2025-06-17 17:45:35.109000+02:00,1.15330000,435.00000000
2025-06-17 17:45:35.109000+02:00,1.15330000,434.80000000
2025-06-17 17:45:35.109000+02:00,1.15330000,435.00000000
2025-06-17 17:45:35.111000+02:00,1.15330000,784.80000000
2025-06-17 17:45:35.111000+02:00,1.15330000,785.10000000
2025-06-17 17:45:35.111000+02:00,1.15330000,785.10000000
2025-06-17 17:45:35.111000+02:00,1.15330000,785.10000000
2025-06-17 17:45:35.111000+02:00,1.15330000,785.10000000
2025-06-17 17:45:35.112000+02:00,1.15330000,693.90000000
2025-06-17 17:45:35.112000+02:00,1.15330000,693.50000000
2025-06-17 17:45:35.112000+02:00,1.15330000,693.90000000
2025-06-17 17:45:35.112000+02:00,1.15330000,693.90000000
2025-06-17 17:45:35.113000+02:00,1.15330000,693.90000000
2025-06-17 17:45:35.114000+02:00,1.15330000,499.80000000
2025-06-17 17:45:35.114000+02:00,1.15330000,406.50000000
2025-06-17 17:45:35.114000+02:00,1.15330000,905.90000000
2025-06-17 17:45:35.114000+02:00,1.15330000,185.90000000
2025-06-17 17:45:35.627000+02:00,1.15330000,446.70000000
2025-06-17 17:45:36.443000+02:00,1.15330000,273.70000000
2025-06-17 17:45:36.443000+02:00,1.15330000,159.80000000
2025-06-17 17:45:36.461000+02:00,1.15330000,433.50000000
2025-06-17 17:45:37.190000+02:00,1.15330000,72.90000000
2025-06-17 17:45:38.934000+02:00,1.15340000,14.10000000
2025-06-17 17:45:41.498000+02:00,1.15330000,423.80000000
2025-06-17 17:45:43.220000+02:00,1.15330000,505.80000000
2025-06-17 17:45:43.222000+02:00,1.15330000,499.60000000
2025-06-17 17:45:47.956000+02:00,1.15330000,13.00000000
2025-06-17 17:45:48.300000+02:00,1.15330000,256.00000000
2025-06-17 17:45:49.629000+02:00,1.15330000,8.90000000
2025-06-17 17:45:52.317000+02:00,1.15320000,2019.30000000
2025-06-17 17:45:52.319000+02:00,1.15320000,11.50000000
2025-06-17 17:45:53.991000+02:00,1.15320000,389.60000000
2025-06-17 17:45:53.991000+02:00,1.15320000,400.80000000
2025-06-17 17:45:53.991000+02:00,1.15320000,401.10000000
2025-06-17 17:45:53.991000+02:00,1.15320000,233.70000000
2025-06-17 17:45:54.288000+02:00,1.15320000,167.40000000
2025-06-17 17:45:54.288000+02:00,1.15320000,411.90000000
2025-06-17 17:45:54.754000+02:00,1.15320000,2592.00000000
2025-06-17 17:45:55.104000+02:00,1.15320000,235.50000000
2025-06-17 17:45:56.990000+02:00,1.15320000,2642.10000000
2025-06-17 17:45:58.437000+02:00,1.15310000,57.60000000
2025-06-17 17:45:58.679000+02:00,1.15310000,25.00000000
2025-06-17 17:46:00.048000+02:00,1.15310000,433.40000000
2025-06-17 17:46:01.550000+02:00,1.15310000,48.80000000
2025-06-17 17:46:03.592000+02:00,1.15310000,22.40000000
2025-06-17 17:46:11.013000+02:00,1.15310000,101.60000000
2025-06-17 17:46:11.255000+02:00,1.15310000,25.50000000
2025-06-17 17:46:12.995000+02:00,1.15310000,2594.00000000
2025-06-17 17:46:18.990000+02:00,1.15320000,2065.30000000
2025-06-17 17:46:26.990000+02:00,1.15320000,1976.20000000
2025-06-17 17:46:29.857000+02:00,1.15310000,500.00000000
2025-06-17 17:46:30.409000+02:00,1.15320000,42.80000000
2025-06-17 17:46:30.888000+02:00,1.15320000,11.60000000
2025-06-17 17:46:31.029000+02:00,1.15320000,39.80000000
2025-06-17 17:46:36.728000+02:00,1.15310000,433.90000000
2025-06-17 17:46:45.249000+02:00,1.15320000,2718.70000000
2025-06-17 17:46:45.249000+02:00,1.15320000,2704.80000000
2025-06-17 17:46:47.996000+02:00,1.15310000,1153.10000000
2025-06-17 17:46:49.818000+02:00,1.15310000,433.70000000
2025-06-17 17:46:53.999000+02:00,1.15320000,791.20000000
2025-06-17 17:46:53.999000+02:00,1.15320000,1380.90000000
2025-06-17 17:46:55.846000+02:00,1.15320000,6.20000000
2025-06-17 17:46:57.113000+02:00,1.15310000,389.10000000
2025-06-17 17:46:57.255000+02:00,1.15320000,99.10000000
2025-06-17 17:46:58.401000+02:00,1.15320000,4187.90000000
2025-06-17 17:46:58.401000+02:00,1.15320000,768.30000000
2025-06-17 17:47:00.988000+02:00,1.15310000,433.50000000
2025-06-17 17:47:02.430000+02:00,1.15320000,346.80000000
2025-06-17 17:47:02.870000+02:00,1.15310000,12.90000000
2025-06-17 17:47:04.825000+02:00,1.15320000,260.10000000
2025-06-17 17:47:12.874000+02:00,1.15320000,688.70000000
2025-06-17 17:47:12.991000+02:00,1.15310000,1614.20000000
2025-06-17 17:47:22.389000+02:00,1.15310000,500.00000000
2025-06-17 17:47:22.631000+02:00,1.15320000,346.80000000
2025-06-17 17:47:26.506000+02:00,1.15320000,4958.20000000
2025-06-17 17:47:26.930000+02:00,1.15320000,11.60000000
2025-06-17 17:47:26.991000+02:00,1.15320000,2122.40000000
2025-06-17 17:47:29.010000+02:00,1.15310000,8.40000000
2025-06-17 17:47:29.010000+02:00,1.15310000,4.50000000
2025-06-17 17:47:29.011000+02:00,1.15310000,253.80000000
2025-06-17 17:47:29.011000+02:00,1.15310000,253.40000000
2025-06-17 17:47:29.011000+02:00,1.15310000,253.80000000
2025-06-17 17:47:29.011000+02:00,1.15310000,151.70000000
2025-06-17 17:47:29.015000+02:00,1.15310000,355.90000000
2025-06-17 17:47:29.083000+02:00,1.15300000,1100.00000000
2025-06-17 17:47:29.421000+02:00,1.15310000,3623.80000000
2025-06-17 17:47:29.545000+02:00,1.15310000,487.60000000
2025-06-17 17:47:30.206000+02:00,1.15310000,500.00000000
2025-06-17 17:47:33.991000+02:00,1.15310000,965.50000000
2025-06-17 17:47:34.977000+02:00,1.15310000,276.80000000
2025-06-17 17:47:35.051000+02:00,1.15310000,40.00000000
2025-06-17 17:47:35.853000+02:00,1.15300000,432.80000000
2025-06-17 17:47:37.956000+02:00,1.15300000,432.70000000
2025-06-17 17:47:39.021000+02:00,1.15300000,432.70000000
2025-06-17 17:47:39.874000+02:00,1.15300000,432.70000000
2025-06-17 17:47:41.481000+02:00,1.15300000,432.60000000
2025-06-17 17:47:42.776000+02:00,1.15310000,3620.40000000
2025-06-17 17:47:42.991000+02:00,1.15300000,1989.20000000
2025-06-17 17:47:44.146000+02:00,1.15300000,118.80000000
2025-06-17 17:47:45.424000+02:00,1.15310000,3621.50000000
2025-06-17 17:47:45.906000+02:00,1.15300000,473.30000000
2025-06-17 17:47:46.957000+02:00,1.15300000,432.50000000
2025-06-17 17:47:53.990000+02:00,1.15310000,304.90000000
2025-06-17 17:47:55.530000+02:00,1.15300000,119.00000000
2025-06-17 17:47:57.729000+02:00,1.15310000,337.30000000
2025-06-17 17:47:58.276000+02:00,1.15310000,1038.00000000
2025-06-17 17:47:58.276000+02:00,1.15310000,2582.40000000
2025-06-17 17:47:58.291000+02:00,1.15310000,2690.60000000
2025-06-17 17:47:58.650000+02:00,1.15300000,199.00000000
2025-06-17 17:48:02.482000+02:00,1.15300000,499.00000000
2025-06-17 17:48:02.944000+02:00,1.15300000,21.00000000
2025-06-17 17:48:03.570000+02:00,1.15310000,486.60000000
2025-06-17 17:48:03.570000+02:00,1.15310000,425.80000000
2025-06-17 17:48:07.977000+02:00,1.15320000,86.70000000
2025-06-17 17:48:09.159000+02:00,1.15310000,17.30000000
2025-06-17 17:48:09.948000+02:00,1.15320000,500.00000000
2025-06-17 17:48:12.803000+02:00,1.15320000,432.60000000
2025-06-17 17:48:12.991000+02:00,1.15320000,260.30000000
2025-06-17 17:48:16.357000+02:00,1.15320000,100.00000000
2025-06-17 17:48:16.990000+02:00,1.15330000,1341.20000000
2025-06-17 17:48:17.075000+02:00,1.15320000,1372.30000000
2025-06-17 17:48:19.594000+02:00,1.15320000,7.00000000
2025-06-17 17:48:20.008000+02:00,1.15320000,432.40000000
2025-06-17 17:48:20.194000+02:00,1.15320000,432.40000000
2025-06-17 17:48:20.439000+02:00,1.15320000,432.40000000
2025-06-17 17:48:21.317000+02:00,1.15320000,432.40000000
2025-06-17 17:48:22.721000+02:00,1.15320000,432.40000000
2025-06-17 17:48:23.591000+02:00,1.15320000,432.30000000
2025-06-17 17:48:26.991000+02:00,1.15330000,394.20000000
2025-06-17 17:48:26.991000+02:00,1.15330000,1557.60000000
2025-06-17 17:48:30.547000+02:00,1.15330000,140.60000000
2025-06-17 17:48:46.529000+02:00,1.15330000,26.50000000
2025-06-17 17:48:49.507000+02:00,1.15320000,10.00000000
2025-06-17 17:48:50.400000+02:00,1.15330000,547.00000000
2025-06-17 17:48:51.380000+02:00,1.15320000,254.80000000
2025-06-17 17:48:53.217000+02:00,1.15320000,2518.80000000
2025-06-17 17:48:54.546000+02:00,1.15310000,7.40000000
2025-06-17 17:48:58.552000+02:00,1.15310000,2999.00000000
2025-06-17 17:48:59.890000+02:00,1.15320000,312.50000000
2025-06-17 17:49:00.204000+02:00,1.15320000,2137.90000000
2025-06-17 17:49:00.306000+02:00,1.15320000,86.70000000
2025-06-17 17:49:00.436000+02:00,1.15320000,330.70000000
2025-06-17 17:49:01.206000+02:00,1.15310000,92.40000000
2025-06-17 17:49:02.845000+02:00,1.15310000,74.50000000
2025-06-17 17:49:03.931000+02:00,1.15310000,88.50000000
2025-06-17 17:49:04.592000+02:00,1.15310000,39.10000000
2025-06-17 17:49:05.291000+02:00,1.15310000,5000.00000000
2025-06-17 17:49:05.294000+02:00,1.15310000,311.90000000
2025-06-17 17:49:05.294000+02:00,1.15310000,311.90000000
2025-06-17 17:49:05.294000+02:00,1.15310000,311.90000000
2025-06-17 17:49:05.294000+02:00,1.15310000,311.90000000
2025-06-17 17:49:05.294000+02:00,1.15310000,311.90000000
2025-06-17 17:49:05.295000+02:00,1.15310000,425.50000000
2025-06-17 17:49:05.295000+02:00,1.15310000,425.50000000
2025-06-17 17:49:05.295000+02:00,1.15310000,425.50000000
2025-06-17 17:49:05.295000+02:00,1.15310000,425.50000000
2025-06-17 17:49:05.296000+02:00,1.15310000,425.50000000
2025-06-17 17:49:05.297000+02:00,1.15310000,393.50000000
2025-06-17 17:49:05.297000+02:00,1.15310000,337.20000000
2025-06-17 17:49:05.302000+02:00,1.15310000,449.50000000
2025-06-17 17:49:05.306000+02:00,1.15310000,425.60000000
2025-06-17 17:49:07.247000+02:00,1.15320000,160.60000000
2025-06-17 17:49:11.990000+02:00,1.15320000,1300.50000000
2025-06-17 17:49:15.997000+02:00,1.15320000,2500.00000000
2025-06-17 17:49:17.251000+02:00,1.15310000,275.20000000
2025-06-17 17:49:18.428000+02:00,1.15310000,58.80000000
2025-06-17 17:49:19.031000+02:00,1.15320000,506.60000000
2025-06-17 17:49:20.809000+02:00,1.15320000,423.60000000
2025-06-17 17:49:20.810000+02:00,1.15320000,236.10000000
2025-06-17 17:49:20.810000+02:00,1.15320000,235.80000000
2025-06-17 17:49:20.810000+02:00,1.15320000,236.10000000
2025-06-17 17:49:20.810000+02:00,1.15320000,236.10000000
2025-06-17 17:49:20.810000+02:00,1.15320000,236.10000000
2025-06-17 17:49:20.811000+02:00,1.15320000,425.50000000
2025-06-17 17:49:20.811000+02:00,1.15320000,425.20000000
2025-06-17 17:49:20.811000+02:00,1.15320000,425.50000000
2025-06-17 17:49:20.811000+02:00,1.15320000,425.50000000
2025-06-17 17:49:20.812000+02:00,1.15320000,425.50000000
2025-06-17 17:49:20.813000+02:00,1.15320000,293.40000000
2025-06-17 17:49:20.813000+02:00,1.15320000,642.10000000
2025-06-17 17:49:20.813000+02:00,1.15320000,935.50000000
2025-06-17 17:49:20.813000+02:00,1.15320000,918.00000000
2025-06-17 17:49:26.990000+02:00,1.15330000,1303.00000000
2025-06-17 17:49:27.155000+02:00,1.15320000,499.00000000
2025-06-17 17:49:27.293000+02:00,1.15330000,9161.20000000
2025-06-17 17:49:27.293000+02:00,1.15330000,500.00000000
2025-06-17 17:49:27.293000+02:00,1.15330000,1183.50000000
2025-06-17 17:49:27.293000+02:00,1.15330000,2694.10000000
2025-06-17 17:49:27.295000+02:00,1.15330000,204.90000000
2025-06-17 17:49:27.295000+02:00,1.15330000,205.20000000
2025-06-17 17:49:27.295000+02:00,1.15330000,205.20000000
2025-06-17 17:49:27.296000+02:00,1.15330000,205.20000000
2025-06-17 17:49:27.299000+02:00,1.15330000,205.20000000
2025-06-17 17:49:27.300000+02:00,1.15330000,971.20000000
2025-06-17 17:49:27.300000+02:00,1.15330000,107.10000000
2025-06-17 17:49:27.300000+02:00,1.15330000,891.70000000
2025-06-17 17:49:29.094000+02:00,1.15330000,30.00000000
2025-06-17 17:49:29.357000+02:00,1.15330000,98.00000000
2025-06-17 17:49:30.093000+02:00,1.15340000,12.60000000
2025-06-17 17:49:31.696000+02:00,1.15340000,9.30000000
2025-06-17 17:49:31.696000+02:00,1.15340000,5.20000000
2025-06-17 17:49:34.917000+02:00,1.15340000,573.30000000
2025-06-17 17:49:49.034000+02:00,1.15330000,151.90000000
2025-06-17 17:49:49.132000+02:00,1.15330000,10.00000000
2025-06-17 17:49:53.447000+02:00,1.15330000,50.00000000
2025-06-17 17:49:54.514000+02:00,1.15330000,1999.00000000
2025-06-17 17:49:56.155000+02:00,1.15330000,498.00000000
2025-06-17 17:49:56.199000+02:00,1.15330000,49.00000000
2025-06-17 17:49:58.640000+02:00,1.15330000,152.90000000
2025-06-17 17:50:00.176000+02:00,1.15330000,250.00000000
2025-06-17 17:50:00.389000+02:00,1.15340000,232.20000000
2025-06-17 17:50:04.138000+02:00,1.15330000,432.70000000
2025-06-17 17:50:04.149000+02:00,1.15330000,432.70000000
2025-06-17 17:50:12.957000+02:00,1.15330000,10.40000000
2025-06-17 17:50:12.958000+02:00,1.15330000,245.00000000
2025-06-17 17:50:14.540000+02:00,1.15330000,432.70000000
2025-06-17 17:50:23.084000+02:00,1.15340000,432.90000000
2025-06-17 17:50:23.093000+02:00,1.15330000,223.60000000
2025-06-17 17:50:23.096000+02:00,1.15330000,209.30000000
2025-06-17 17:50:23.451000+02:00,1.15330000,293.30000000
2025-06-17 17:50:25.993000+02:00,1.15330000,500.00000000
2025-06-17 17:50:26.783000+02:00,1.15330000,14.60000000
2025-06-17 17:50:28.931000+02:00,1.15340000,481.70000000
2025-06-17 17:50:30.733000+02:00,1.15330000,19.60000000
2025-06-17 17:50:30.761000+02:00,1.15330000,19.60000000
2025-06-17 17:50:30.780000+02:00,1.15330000,19.60000000
2025-06-17 17:50:30.893000+02:00,1.15330000,19.60000000
2025-06-17 17:50:32.258000+02:00,1.15330000,147.00000000
2025-06-17 17:50:33.631000+02:00,1.15330000,300.00000000
2025-06-17 17:50:34.146000+02:00,1.15330000,6.40000000
2025-06-17 17:50:35.247000+02:00,1.15330000,432.90000000
2025-06-17 17:50:42.974000+02:00,1.15330000,700.00000000
2025-06-17 17:50:44.958000+02:00,1.15330000,56.60000000
2025-06-17 17:50:48.680000+02:00,1.15330000,219.50000000
2025-06-17 17:50:50+02:00,1.15340000,358.10000000
2025-06-17 17:50:50.631000+02:00,1.15330000,15.00000000
2025-06-17 17:50:52.555000+02:00,1.15340000,116.00000000
2025-06-17 17:50:53.247000+02:00,1.15330000,44.10000000
2025-06-17 17:50:56.629000+02:00,1.15320000,50.00000000
2025-06-17 17:51:00.998000+02:00,1.15320000,1939.30000000
2025-06-17 17:51:02.438000+02:00,1.15330000,584.60000000
2025-06-17 17:51:04.347000+02:00,1.15330000,38.30000000
2025-06-17 17:51:20.051000+02:00,1.15320000,43.00000000
2025-06-17 17:51:21.456000+02:00,1.15330000,43.10000000
2025-06-17 17:51:21.629000+02:00,1.15330000,19.00000000
2025-06-17 17:51:21.830000+02:00,1.15320000,100.00000000
2025-06-17 17:51:21.977000+02:00,1.15320000,177.40000000
2025-06-17 17:51:22.459000+02:00,1.15330000,43.10000000
2025-06-17 17:51:23.359000+02:00,1.15320000,433.00000000
2025-06-17 17:51:23.376000+02:00,1.15330000,197.50000000
2025-06-17 17:51:23.376000+02:00,1.15330000,235.40000000
2025-06-17 17:51:23.386000+02:00,1.15330000,432.90000000
2025-06-17 17:51:23.445000+02:00,1.15330000,2357.50000000
2025-06-17 17:51:23.459000+02:00,1.15330000,43.10000000
2025-06-17 17:51:24.459000+02:00,1.15330000,43.10000000
2025-06-17 17:51:25.459000+02:00,1.15330000,43.10000000
2025-06-17 17:51:27.860000+02:00,1.15320000,499.00000000
2025-06-17 17:51:32.647000+02:00,1.15330000,173.40000000
2025-06-17 17:51:40.592000+02:00,1.15320000,100.00000000
2025-06-17 17:51:41.156000+02:00,1.15330000,317.00000000
2025-06-17 17:51:45.331000+02:00,1.15320000,50.00000000
2025-06-17 17:51:45.448000+02:00,1.15320000,50.00000000
2025-06-17 17:51:49.296000+02:00,1.15320000,70.90000000
2025-06-17 17:51:50.995000+02:00,1.15320000,1629.40000000
2025-06-17 17:51:55.277000+02:00,1.15320000,32.80000000
2025-06-17 17:52:00.995000+02:00,1.15320000,979.40000000
2025-06-17 17:52:02.794000+02:00,1.15320000,490.00000000
2025-06-17 17:52:05.351000+02:00,1.15320000,32.00000000
2025-06-17 17:52:09.958000+02:00,1.15330000,26.00000000
2025-06-17 17:52:15+02:00,1.15320000,16.70000000
2025-06-17 17:52:15.625000+02:00,1.15320000,400.00000000
2025-06-17 17:52:15.852000+02:00,1.15320000,190.00000000
2025-06-17 17:52:19.574000+02:00,1.15320000,50.00000000
2025-06-17 17:52:24.053000+02:00,1.15320000,25.10000000
2025-06-17 17:52:25.995000+02:00,1.15320000,1541.80000000
2025-06-17 17:52:27.699000+02:00,1.15330000,701.70000000
2025-06-17 17:52:31.646000+02:00,1.15330000,6.90000000
2025-06-17 17:52:31.647000+02:00,1.15320000,11.50000000
2025-06-17 17:52:35.051000+02:00,1.15330000,20.50000000
2025-06-17 17:52:35.425000+02:00,1.15330000,329.80000000
2025-06-17 17:52:39.255000+02:00,1.15320000,606.80000000
2025-06-17 17:52:39.876000+02:00,1.15310000,1856.00000000
2025-06-17 17:52:41.390000+02:00,1.15320000,12.80000000
2025-06-17 17:52:43.976000+02:00,1.15320000,2080.60000000
2025-06-17 17:52:46.315000+02:00,1.15320000,1011.50000000
2025-06-17 17:52:46.509000+02:00,1.15310000,78.40000000
2025-06-17 17:52:47.012000+02:00,1.15310000,1430.80000000
2025-06-17 17:52:49.729000+02:00,1.15310000,384.60000000
2025-06-17 17:52:53.651000+02:00,1.15320000,150.00000000
2025-06-17 17:52:55.644000+02:00,1.15310000,5.50000000
2025-06-17 17:53:00.995000+02:00,1.15310000,1624.90000000
2025-06-17 17:53:05.805000+02:00,1.15320000,3619.70000000
2025-06-17 17:53:05.998000+02:00,1.15310000,1380.40000000
2025-06-17 17:53:09.751000+02:00,1.15320000,2162.60000000
2025-06-17 17:53:09.753000+02:00,1.15320000,1456.80000000
2025-06-17 17:53:12.048000+02:00,1.15320000,1635.10000000
2025-06-17 17:53:12.048000+02:00,1.15320000,1251.10000000
2025-06-17 17:53:12.048000+02:00,1.15320000,732.80000000
2025-06-17 17:53:12.670000+02:00,1.15310000,12.90000000
2025-06-17 17:53:13.009000+02:00,1.15320000,3618.60000000
2025-06-17 17:53:13.796000+02:00,1.15310000,427.30000000
2025-06-17 17:53:13.796000+02:00,1.15310000,427.20000000
2025-06-17 17:53:13.796000+02:00,1.15310000,427.30000000
2025-06-17 17:53:13.796000+02:00,1.15310000,427.30000000
2025-06-17 17:53:13.797000+02:00,1.15310000,427.30000000
2025-06-17 17:53:13.798000+02:00,1.15310000,580.70000000
2025-06-17 17:53:13.798000+02:00,1.15310000,580.50000000
2025-06-17 17:53:13.798000+02:00,1.15310000,580.70000000
2025-06-17 17:53:13.798000+02:00,1.15310000,580.70000000
2025-06-17 17:53:13.798000+02:00,1.15310000,580.70000000
2025-06-17 17:53:13.800000+02:00,1.15310000,408.50000000
2025-06-17 17:53:13.800000+02:00,1.15310000,180.20000000
2025-06-17 17:53:16.984000+02:00,1.15310000,14.80000000
2025-06-17 17:53:19.400000+02:00,1.15320000,216.70000000
2025-06-17 17:53:27.495000+02:00,1.15300000,2093.60000000
2025-06-17 17:53:34.949000+02:00,1.15300000,40.20000000
2025-06-17 17:53:35.994000+02:00,1.15300000,284.20000000
2025-06-17 17:53:38.438000+02:00,1.15300000,421.60000000
2025-06-17 17:53:40.997000+02:00,1.15300000,905.20000000
2025-06-17 17:53:44.195000+02:00,1.15310000,9.00000000
2025-06-17 17:53:44.197000+02:00,1.15310000,651.50000000
2025-06-17 17:53:44.245000+02:00,1.15310000,12075.40000000
2025-06-17 17:53:44.245000+02:00,1.15310000,967.20000000
2025-06-17 17:53:44.251000+02:00,1.15310000,925.60000000
2025-06-17 17:53:44.349000+02:00,1.15310000,13042.60000000
2025-06-17 17:53:44.482000+02:00,1.15310000,10855.20000000
2025-06-17 17:53:44.482000+02:00,1.15310000,10.10000000
2025-06-17 17:53:44.482000+02:00,1.15310000,500.00000000
2025-06-17 17:53:45.160000+02:00,1.15320000,90.00000000
2025-06-17 17:53:47.055000+02:00,1.15310000,10.20000000
2025-06-17 17:53:51.193000+02:00,1.15310000,40.80000000
2025-06-17 17:53:56.804000+02:00,1.15310000,26.50000000
2025-06-17 17:54:02.159000+02:00,1.15310000,62.70000000
2025-06-17 17:54:04.327000+02:00,1.15320000,65.10000000
2025-06-17 17:54:04.327000+02:00,1.15320000,1934.90000000
2025-06-17 17:54:04.329000+02:00,1.15320000,353.20000000
2025-06-17 17:54:04.329000+02:00,1.15320000,353.20000000
2025-06-17 17:54:04.329000+02:00,1.15320000,353.00000000
2025-06-17 17:54:04.329000+02:00,1.15320000,353.20000000
2025-06-17 17:54:04.329000+02:00,1.15320000,353.20000000
2025-06-17 17:54:04.330000+02:00,1.15320000,776.10000000
2025-06-17 17:54:04.330000+02:00,1.15320000,568.90000000
2025-06-17 17:54:04.330000+02:00,1.15320000,206.90000000
2025-06-17 17:54:04.330000+02:00,1.15320000,293.10000000
2025-06-17 17:54:04.330000+02:00,1.15320000,483.00000000
2025-06-17 17:54:04.331000+02:00,1.15320000,776.10000000
2025-06-17 17:54:04.331000+02:00,1.15320000,776.10000000
2025-06-17 17:54:04.332000+02:00,1.15320000,827.80000000
2025-06-17 17:54:04.332000+02:00,1.15320000,132.60000000
2025-06-17 17:54:04.332000+02:00,1.15320000,232.20000000
2025-06-17 17:54:05.994000+02:00,1.15320000,2021.50000000
2025-06-17 17:54:07.085000+02:00,1.15320000,433.60000000
2025-06-17 17:54:07.118000+02:00,1.15330000,433.50000000
2025-06-17 17:54:07.374000+02:00,1.15320000,433.40000000
2025-06-17 17:54:07.667000+02:00,1.15320000,659.90000000
2025-06-17 17:54:07.684000+02:00,1.15320000,426.70000000
2025-06-17 17:54:08.455000+02:00,1.15320000,2450.00000000
2025-06-17 17:54:09.459000+02:00,1.15320000,3000.00000000
2025-06-17 17:54:16.450000+02:00,1.15310000,196.00000000
2025-06-17 17:54:17.879000+02:00,1.15320000,599.20000000
2025-06-17 17:54:18.025000+02:00,1.15310000,39.60000000
2025-06-17 17:54:18.808000+02:00,1.15310000,999.00000000
2025-06-17 17:54:20.034000+02:00,1.15310000,999.00000000
2025-06-17 17:54:20.776000+02:00,1.15320000,425.00000000
2025-06-17 17:54:21.070000+02:00,1.15320000,298.80000000
2025-06-17 17:54:21.422000+02:00,1.15320000,348.50000000
2025-06-17 17:54:21.434000+02:00,1.15320000,290.50000000
2025-06-17 17:54:25.912000+02:00,1.15320000,173.40000000
2025-06-17 17:54:27.194000+02:00,1.15320000,70.10000000
2025-06-17 17:54:30.946000+02:00,1.15310000,23.00000000
2025-06-17 17:54:37.998000+02:00,1.15310000,1446.00000000
2025-06-17 17:54:38.334000+02:00,1.15310000,500.00000000
2025-06-17 17:54:40.091000+02:00,1.15320000,3617.80000000
2025-06-17 17:54:43.434000+02:00,1.15310000,807.50000000
2025-06-17 17:54:43.434000+02:00,1.15310000,1063.90000000
2025-06-17 17:54:44.131000+02:00,1.15310000,172.00000000
2025-06-17 17:54:47.569000+02:00,1.15320000,279.10000000
2025-06-17 17:54:49.383000+02:00,1.15310000,343.00000000
2025-06-17 17:54:49.997000+02:00,1.15310000,455.80000000
2025-06-17 17:54:50.430000+02:00,1.15320000,16.20000000
2025-06-17 17:54:50.759000+02:00,1.15320000,5.40000000
2025-06-17 17:54:51.002000+02:00,1.15310000,1366.40000000
2025-06-17 17:54:53.331000+02:00,1.15310000,380.20000000
2025-06-17 17:55:02.058000+02:00,1.15320000,3616.70000000
2025-06-17 17:55:05.994000+02:00,1.15310000,1972.60000000
2025-06-17 17:55:10.420000+02:00,1.15320000,2319.10000000
2025-06-17 17:55:10.432000+02:00,1.15320000,17.30000000
2025-06-17 17:55:10.651000+02:00,1.15320000,15.10000000
2025-06-17 17:55:11.991000+02:00,1.15320000,643.70000000
2025-06-17 17:55:11.991000+02:00,1.15320000,2972.60000000
2025-06-17 17:55:12.997000+02:00,1.15310000,2326.10000000
2025-06-17 17:55:15.412000+02:00,1.15310000,100.00000000
2025-06-17 17:55:22.413000+02:00,1.15320000,261.70000000
2025-06-17 17:55:25.209000+02:00,1.15310000,275.40000000
2025-06-17 17:55:25.991000+02:00,1.15310000,2000.00000000
2025-06-17 17:55:25.993000+02:00,1.15310000,10.20000000
2025-06-17 17:55:26.634000+02:00,1.15300000,274.80000000
2025-06-17 17:55:27.772000+02:00,1.15310000,925.60000000
2025-06-17 17:55:27.772000+02:00,1.15310000,73.30000000
2025-06-17 17:55:30.440000+02:00,1.15310000,11.50000000
2025-06-17 17:55:37.996000+02:00,1.15300000,2141.40000000
2025-06-17 17:55:38.468000+02:00,1.15300000,11.50000000
2025-06-17 17:55:40.504000+02:00,1.15300000,17.60000000
2025-06-17 17:55:40.994000+02:00,1.15300000,1425.60000000
2025-06-17 17:55:42.923000+02:00,1.15300000,8.00000000
2025-06-17 17:55:43.304000+02:00,1.15300000,487.40000000
2025-06-17 17:55:43.325000+02:00,1.15290000,117.60000000
2025-06-17 17:55:44.667000+02:00,1.15300000,726.90000000
2025-06-17 17:55:44.749000+02:00,1.15300000,3226.90000000
2025-06-17 17:55:45.084000+02:00,1.15300000,3592.70000000
2025-06-17 17:55:45.150000+02:00,1.15290000,70.00000000
2025-06-17 17:55:47.592000+02:00,1.15290000,64.50000000
2025-06-17 17:55:48.094000+02:00,1.15290000,98.00000000
2025-06-17 17:55:54.886000+02:00,1.15300000,610.30000000
2025-06-17 17:55:59.100000+02:00,1.15290000,200.00000000
2025-06-17 17:56:05.997000+02:00,1.15290000,861.20000000
2025-06-17 17:56:13.883000+02:00,1.15290000,936.90000000
2025-06-17 17:56:17.312000+02:00,1.15300000,62.00000000
2025-06-17 17:56:17.523000+02:00,1.15300000,354.00000000
2025-06-17 17:56:17.997000+02:00,1.15290000,1535.80000000
2025-06-17 17:56:31.446000+02:00,1.15300000,6.50000000
2025-06-17 17:56:32.434000+02:00,1.15300000,300.00000000
2025-06-17 17:56:37.997000+02:00,1.15290000,844.30000000
2025-06-17 17:56:37.997000+02:00,1.15290000,667.10000000
2025-06-17 17:56:40.725000+02:00,1.15300000,151.70000000
2025-06-17 17:56:40.840000+02:00,1.15290000,147.70000000
2025-06-17 17:56:41.068000+02:00,1.15300000,1997.20000000
2025-06-17 17:56:41.308000+02:00,1.15300000,3616.50000000
2025-06-17 17:56:46.757000+02:00,1.15290000,15.00000000
2025-06-17 17:56:48.999000+02:00,1.15300000,433.50000000
2025-06-17 17:56:51.557000+02:00,1.15290000,1032.30000000
2025-06-17 17:57:01.030000+02:00,1.15300000,56.60000000
2025-06-17 17:57:01.051000+02:00,1.15290000,10.00000000
2025-06-17 17:57:02.380000+02:00,1.15300000,3614.30000000
2025-06-17 17:57:02.386000+02:00,1.15300000,1216.30000000
2025-06-17 17:57:02.394000+02:00,1.15300000,1343.30000000
2025-06-17 17:57:02.394000+02:00,1.15300000,1055.00000000
2025-06-17 17:57:02.889000+02:00,1.15300000,155.50000000
2025-06-17 17:57:02.894000+02:00,1.15290000,10.10000000
2025-06-17 17:57:03.174000+02:00,1.15290000,10.00000000
2025-06-17 17:57:11.862000+02:00,1.15300000,499.80000000
2025-06-17 17:57:14.276000+02:00,1.15290000,8.00000000
2025-06-17 17:57:17.181000+02:00,1.15290000,8.00000000
2025-06-17 17:57:23.882000+02:00,1.15300000,416.00000000
2025-06-17 17:57:25.748000+02:00,1.15290000,305.50000000
2025-06-17 17:57:33.468000+02:00,1.15290000,433.20000000
2025-06-17 17:57:36.425000+02:00,1.15290000,150.00000000
2025-06-17 17:57:38.405000+02:00,1.15290000,15.40000000
2025-06-17 17:57:40.911000+02:00,1.15300000,10.90000000
2025-06-17 17:57:41.679000+02:00,1.15290000,7.00000000
2025-06-17 17:57:41.831000+02:00,1.15290000,301.80000000
2025-06-17 17:57:45.559000+02:00,1.15300000,281.00000000
2025-06-17 17:57:46.453000+02:00,1.15300000,259.50000000
2025-06-17 17:57:49.586000+02:00,1.15300000,3616.40000000
2025-06-17 17:57:49.833000+02:00,1.15290000,199.00000000
2025-06-17 17:57:52.012000+02:00,1.15290000,997.00000000
2025-06-17 17:58:01.451000+02:00,1.15300000,656.60000000
2025-06-17 17:58:06.205000+02:00,1.15300000,1815.10000000
2025-06-17 17:58:06.658000+02:00,1.15300000,2000.00000000
2025-06-17 17:58:09.525000+02:00,1.15290000,40.00000000
2025-06-17 17:58:12.397000+02:00,1.15300000,746.50000000
2025-06-17 17:58:16.225000+02:00,1.15300000,13.70000000
2025-06-17 17:58:17.128000+02:00,1.15290000,30.00000000
2025-06-17 17:58:19.682000+02:00,1.15300000,1376.30000000
2025-06-17 17:58:20.785000+02:00,1.15300000,510.00000000
2025-06-17 17:58:22.549000+02:00,1.15300000,931.30000000
2025-06-17 17:58:22.554000+02:00,1.15300000,2685.40000000
2025-06-17 17:58:26.125000+02:00,1.15300000,14.00000000
2025-06-17 17:58:30.461000+02:00,1.15300000,1063.00000000
2025-06-17 17:58:30.647000+02:00,1.15290000,6.00000000
2025-06-17 17:58:32.630000+02:00,1.15290000,250.00000000
2025-06-17 17:58:32.812000+02:00,1.15300000,94.00000000
2025-06-17 17:58:43.981000+02:00,1.15310000,9.40000000
2025-06-17 17:58:50.482000+02:00,1.15300000,107.80000000
2025-06-17 17:58:58.175000+02:00,1.15300000,663.50000000
2025-06-17 17:59:00.693000+02:00,1.15300000,1470.00000000
2025-06-17 17:59:01.459000+02:00,1.15300000,24.40000000
2025-06-17 17:59:02.912000+02:00,1.15300000,184.40000000
2025-06-17 17:59:03.412000+02:00,1.15310000,500.00000000
2025-06-17 17:59:03.412000+02:00,1.15310000,12914.70000000
2025-06-17 17:59:03.414000+02:00,1.15310000,925.60000000
2025-06-17 17:59:03.520000+02:00,1.15310000,12176.50000000
2025-06-17 17:59:03.520000+02:00,1.15310000,1238.20000000
2025-06-17 17:59:03.522000+02:00,1.15310000,344.80000000
2025-06-17 17:59:03.522000+02:00,1.15310000,344.80000000
2025-06-17 17:59:03.522000+02:00,1.15310000,344.50000000
2025-06-17 17:59:03.522000+02:00,1.15310000,344.80000000
2025-06-17 17:59:03.522000+02:00,1.15310000,344.80000000
2025-06-17 17:59:03.523000+02:00,1.15310000,238.50000000
2025-06-17 17:59:03.523000+02:00,1.15310000,238.20000000
2025-06-17 17:59:03.523000+02:00,1.15310000,238.50000000
2025-06-17 17:59:03.523000+02:00,1.15310000,238.50000000
2025-06-17 17:59:03.523000+02:00,1.15310000,238.50000000
2025-06-17 17:59:03.608000+02:00,1.15310000,20.00000000
2025-06-17 17:59:08.490000+02:00,1.15320000,3615.10000000
2025-06-17 17:59:14.579000+02:00,1.15310000,182.30000000
2025-06-17 17:59:14.948000+02:00,1.15320000,60.60000000
2025-06-17 17:59:14.948000+02:00,1.15320000,156.10000000
2025-06-17 17:59:17.055000+02:00,1.15320000,173.40000000
2025-06-17 17:59:19.030000+02:00,1.15320000,10.00000000
2025-06-17 17:59:23.260000+02:00,1.15320000,3614.50000000
2025-06-17 17:59:26.312000+02:00,1.15310000,9.00000000
2025-06-17 17:59:30.794000+02:00,1.15310000,8.70000000
2025-06-17 17:59:33.211000+02:00,1.15320000,261.90000000
2025-06-17 17:59:33.211000+02:00,1.15320000,261.90000000
2025-06-17 17:59:33.211000+02:00,1.15320000,261.60000000
2025-06-17 17:59:33.211000+02:00,1.15320000,261.90000000
2025-06-17 17:59:33.211000+02:00,1.15320000,261.90000000
2025-06-17 17:59:33.213000+02:00,1.15320000,675.10000000
2025-06-17 17:59:33.213000+02:00,1.15320000,675.10000000
2025-06-17 17:59:33.213000+02:00,1.15320000,675.10000000
2025-06-17 17:59:33.213000+02:00,1.15320000,675.10000000
2025-06-17 17:59:33.213000+02:00,1.15320000,675.10000000
2025-06-17 17:59:33.214000+02:00,1.15320000,244.50000000
2025-06-17 17:59:33.214000+02:00,1.15320000,775.80000000
2025-06-17 17:59:33.214000+02:00,1.15320000,1020.30000000
2025-06-17 17:59:33.214000+02:00,1.15320000,691.70000000
2025-06-17 17:59:33.218000+02:00,1.15320000,394.20000000
2025-06-17 17:59:33.218000+02:00,1.15320000,394.10000000
2025-06-17 17:59:33.218000+02:00,1.15320000,394.20000000
2025-06-17 17:59:33.218000+02:00,1.15320000,394.20000000
2025-06-17 17:59:33.218000+02:00,1.15320000,265.30000000
2025-06-17 17:59:58.057000+02:00,1.15310000,10.00000000
2025-06-17 18:00:00.549000+02:00,1.15310000,17.30000000
2025-06-17 18:00:05.169000+02:00,1.15320000,1260.40000000
2025-06-17 18:00:05.171000+02:00,1.15320000,801.80000000
2025-06-17 18:00:05.171000+02:00,1.15320000,801.80000000
2025-06-17 18:00:05.171000+02:00,1.15320000,139.60000000
2025-06-17 18:00:11.331000+02:00,1.15330000,33.80000000
2025-06-17 18:00:21.993000+02:00,1.15320000,1473.40000000
2025-06-17 18:00:24.055000+02:00,1.15320000,3019.00000000
2025-06-17 18:00:24.154000+02:00,1.15320000,352.80000000
2025-06-17 18:00:26.030000+02:00,1.15320000,718.50000000
2025-06-17 18:00:27.501000+02:00,1.15320000,300.00000000
2025-06-17 18:00:27.877000+02:00,1.15320000,49.00000000
2025-06-17 18:00:27.892000+02:00,1.15320000,200.00000000
2025-06-17 18:00:33.730000+02:00,1.15330000,497.30000000
2025-06-17 18:00:33.775000+02:00,1.15330000,2052.40000000
2025-06-17 18:00:33.779000+02:00,1.15330000,1564.20000000
2025-06-17 18:00:34+02:00,1.15330000,1122.80000000
2025-06-17 18:00:34+02:00,1.15330000,137.50000000
2025-06-17 18:00:34.025000+02:00,1.15330000,9.00000000
2025-06-17 18:00:34.293000+02:00,1.15320000,30.10000000
2025-06-17 18:00:37.146000+02:00,1.15330000,6.20000000
2025-06-17 18:00:37.246000+02:00,1.15320000,11.60000000
2025-06-17 18:00:38.055000+02:00,1.15330000,441.40000000
2025-06-17 18:00:39.093000+02:00,1.15330000,75.60000000
2025-06-17 18:00:40.718000+02:00,1.15330000,237.00000000
2025-06-17 18:00:41.414000+02:00,1.15330000,93.50000000
2025-06-17 18:00:41.414000+02:00,1.15330000,1154.30000000
2025-06-17 18:00:41.422000+02:00,1.15330000,2369.00000000
2025-06-17 18:00:41.469000+02:00,1.15330000,29.80000000
2025-06-17 18:00:41.472000+02:00,1.15330000,1509.80000000
2025-06-17 18:00:41.473000+02:00,1.15330000,2076.70000000
2025-06-17 18:00:41.530000+02:00,1.15320000,6.00000000
2025-06-17 18:00:43.009000+02:00,1.15320000,65.80000000
2025-06-17 18:00:44.776000+02:00,1.15320000,50.00000000
2025-06-17 18:00:52.169000+02:00,1.15320000,532.40000000
2025-06-17 18:00:54.059000+02:00,1.15330000,12.90000000
2025-06-17 18:00:54.959000+02:00,1.15330000,173.40000000
2025-06-17 18:00:55.247000+02:00,1.15320000,11.00000000
2025-06-17 18:00:59.774000+02:00,1.15320000,2227.70000000
2025-06-17 18:01:01.995000+02:00,1.15320000,1743.60000000
2025-06-17 18:01:01.996000+02:00,1.15320000,524.90000000
2025-06-17 18:01:01.996000+02:00,1.15320000,524.90000000
2025-06-17 18:01:01.997000+02:00,1.15320000,524.80000000
2025-06-17 18:01:01.997000+02:00,1.15320000,370.40000000
2025-06-17 18:01:01.997000+02:00,1.15320000,13.00000000
2025-06-17 18:01:02.855000+02:00,1.15320000,94.60000000
2025-06-17 18:01:07.235000+02:00,1.15320000,433.20000000
2025-06-17 18:01:10.715000+02:00,1.15330000,299.00000000
2025-06-17 18:01:10.715000+02:00,1.15330000,299.00000000
2025-06-17 18:01:10.715000+02:00,1.15330000,299.00000000
2025-06-17 18:01:10.715000+02:00,1.15330000,76.30000000
2025-06-17 18:01:10.715000+02:00,1.15330000,76.30000000
2025-06-17 18:01:10.716000+02:00,1.15330000,76.30000000
2025-06-17 18:01:10.716000+02:00,1.15330000,76.30000000
2025-06-17 18:01:10.716000+02:00,1.15330000,76.30000000
2025-06-17 18:01:10.716000+02:00,1.15330000,76.30000000
2025-06-17 18:01:10.716000+02:00,1.15330000,76.30000000
2025-06-17 18:01:10.716000+02:00,1.15330000,76.30000000
2025-06-17 18:01:10.716000+02:00,1.15330000,76.30000000
2025-06-17 18:01:10.716000+02:00,1.15330000,76.30000000
2025-06-17 18:01:10.716000+02:00,1.15330000,299.00000000
2025-06-17 18:01:10.716000+02:00,1.15330000,76.30000000
2025-06-17 18:01:10.716000+02:00,1.15330000,76.30000000
2025-06-17 18:01:10.716000+02:00,1.15330000,76.30000000
2025-06-17 18:01:10.716000+02:00,1.15330000,299.00000000
2025-06-17 18:01:10.716000+02:00,1.15330000,76.30000000
2025-06-17 18:01:10.716000+02:00,1.15330000,299.00000000
2025-06-17 18:01:10.716000+02:00,1.15330000,76.30000000
2025-06-17 18:01:10.716000+02:00,1.15330000,76.30000000
2025-06-17 18:01:10.716000+02:00,1.15330000,76.30000000
2025-06-17 18:01:10.716000+02:00,1.15330000,76.30000000
2025-06-17 18:01:10.716000+02:00,1.15330000,76.30000000
2025-06-17 18:01:10.716000+02:00,1.15330000,299.00000000
2025-06-17 18:01:10.716000+02:00,1.15330000,76.30000000
2025-06-17 18:01:10.717000+02:00,1.15330000,76.30000000
2025-06-17 18:01:10.718000+02:00,1.15330000,76.30000000
2025-06-17 18:01:10.718000+02:00,1.15330000,76.30000000
2025-06-17 18:01:11.467000+02:00,1.15330000,1562.10000000
2025-06-17 18:01:11.467000+02:00,1.15330000,2053.50000000
2025-06-17 18:01:16.993000+02:00,1.15330000,17.30000000
2025-06-17 18:01:21.994000+02:00,1.15320000,1125.10000000
2025-06-17 18:01:22.747000+02:00,1.15330000,2445.90000000
2025-06-17 18:01:22.756000+02:00,1.15320000,9.00000000
2025-06-17 18:01:23.131000+02:00,1.15330000,84.00000000
2025-06-17 18:01:23.131000+02:00,1.15330000,3884.50000000
2025-06-17 18:01:24.658000+02:00,1.15320000,212.70000000
2025-06-17 18:01:25.229000+02:00,1.15330000,56.00000000
2025-06-17 18:01:25.839000+02:00,1.15330000,910.50000000
2025-06-17 18:01:30.230000+02:00,1.15330000,173.40000000
2025-06-17 18:01:35.300000+02:00,1.15320000,21.40000000
2025-06-17 18:01:35.445000+02:00,1.15330000,3617.00000000
2025-06-17 18:01:35.459000+02:00,1.15330000,180.80000000
2025-06-17 18:01:35.461000+02:00,1.15330000,3255.20000000
2025-06-17 18:01:35.473000+02:00,1.15330000,1085.00000000
2025-06-17 18:01:35.476000+02:00,1.15330000,1446.70000000
2025-06-17 18:01:35.476000+02:00,1.15330000,1085.00000000
2025-06-17 18:01:35.536000+02:00,1.15330000,1801.90000000
2025-06-17 18:01:35.539000+02:00,1.15330000,9.00000000
2025-06-17 18:01:35.541000+02:00,1.15330000,567.50000000
2025-06-17 18:01:35.541000+02:00,1.15330000,1231.70000000
2025-06-17 18:01:35.586000+02:00,1.15330000,168.80000000
2025-06-17 18:01:35.586000+02:00,1.15330000,264.60000000
2025-06-17 18:01:35.847000+02:00,1.15330000,472.70000000
2025-06-17 18:01:36.129000+02:00,1.15320000,144.90000000
2025-06-17 18:01:40.257000+02:00,1.15320000,20.00000000
2025-06-17 18:01:40.724000+02:00,1.15330000,499.90000000
2025-06-17 18:01:41.855000+02:00,1.15330000,1981.30000000
2025-06-17 18:01:47.333000+02:00,1.15330000,24.10000000
2025-06-17 18:01:49.623000+02:00,1.15320000,186.00000000
2025-06-17 18:01:50.624000+02:00,1.15330000,2541.00000000
2025-06-17 18:01:50.631000+02:00,1.15330000,1076.00000000
2025-06-17 18:01:50.708000+02:00,1.15330000,729.60000000
2025-06-17 18:01:50.711000+02:00,1.15330000,1644.90000000
2025-06-17 18:01:50.711000+02:00,1.15330000,1230.30000000
2025-06-17 18:01:50.719000+02:00,1.15330000,9.00000000
2025-06-17 18:01:51.505000+02:00,1.15320000,20.00000000
2025-06-17 18:01:54.769000+02:00,1.15330000,44.80000000
2025-06-17 18:01:56.829000+02:00,1.15320000,100.40000000
2025-06-17 18:01:57.001000+02:00,1.15330000,505.30000000
2025-06-17 18:01:58.500000+02:00,1.15330000,173.40000000
2025-06-17 18:01:59.158000+02:00,1.15330000,161.10000000
2025-06-17 18:02:00.796000+02:00,1.15330000,498.30000000
2025-06-17 18:02:00.853000+02:00,1.15330000,498.30000000
2025-06-17 18:02:03.760000+02:00,1.15320000,196.00000000
2025-06-17 18:02:09.229000+02:00,1.15330000,30.70000000
2025-06-17 18:02:10.782000+02:00,1.15320000,99.00000000
2025-06-17 18:02:12.385000+02:00,1.15330000,50.00000000
2025-06-17 18:02:16.782000+02:00,1.15330000,1216.30000000
2025-06-17 18:02:16.782000+02:00,1.15330000,2400.90000000
2025-06-17 18:02:17.804000+02:00,1.15320000,25.00000000
2025-06-17 18:02:17.952000+02:00,1.15320000,14.70000000
2025-06-17 18:02:22.125000+02:00,1.15320000,7.50000000
2025-06-17 18:02:22.514000+02:00,1.15330000,936.30000000
2025-06-17 18:02:26.976000+02:00,1.15330000,503.80000000
2025-06-17 18:02:27.118000+02:00,1.15330000,504.60000000
2025-06-17 18:02:27.220000+02:00,1.15330000,500.10000000
2025-06-17 18:02:30.833000+02:00,1.15330000,11.10000000
2025-06-17 18:02:31.846000+02:00,1.15320000,9.80000000
2025-06-17 18:02:34.681000+02:00,1.15330000,505.70000000
2025-06-17 18:02:34.822000+02:00,1.15330000,500.30000000
2025-06-17 18:02:38.637000+02:00,1.15330000,481.30000000
2025-06-17 18:02:38.637000+02:00,1.15330000,2466.60000000
2025-06-17 18:02:38.985000+02:00,1.15330000,227.00000000
2025-06-17 18:02:38.985000+02:00,1.15330000,3110.30000000
2025-06-17 18:02:38.985000+02:00,1.15330000,181.30000000
2025-06-17 18:02:39.026000+02:00,1.15330000,1256.20000000
2025-06-17 18:02:41.316000+02:00,1.15330000,310.10000000
2025-06-17 18:02:45.038000+02:00,1.15330000,2456.50000000
2025-06-17 18:02:45.038000+02:00,1.15330000,1161.30000000
2025-06-17 18:02:45.055000+02:00,1.15330000,3617.70000000
2025-06-17 18:02:45.294000+02:00,1.15330000,60.70000000
2025-06-17 18:02:45.546000+02:00,1.15330000,3610.00000000
2025-06-17 18:02:45.547000+02:00,1.15330000,214.10000000
2025-06-17 18:02:45.547000+02:00,1.15330000,213.80000000
2025-06-17 18:02:45.547000+02:00,1.15330000,214.10000000
2025-06-17 18:02:45.547000+02:00,1.15330000,214.10000000
2025-06-17 18:02:45.547000+02:00,1.15330000,214.10000000
2025-06-17 18:02:45.549000+02:00,1.15330000,683.80000000
2025-06-17 18:02:45.549000+02:00,1.15330000,683.80000000
2025-06-17 18:02:45.549000+02:00,1.15330000,683.80000000
2025-06-17 18:02:45.549000+02:00,1.15330000,683.80000000
2025-06-17 18:02:45.549000+02:00,1.15330000,224.60000000
2025-06-17 18:02:45.861000+02:00,1.15330000,60.00000000
2025-06-17 18:02:46.155000+02:00,1.15330000,399.20000000
2025-06-17 18:02:46.155000+02:00,1.15330000,543.80000000
2025-06-17 18:02:47.379000+02:00,1.15330000,11.00000000
2025-06-17 18:02:52.108000+02:00,1.15340000,205.70000000
2025-06-17 18:02:54.102000+02:00,1.15330000,1500.00000000
2025-06-17 18:02:54.135000+02:00,1.15330000,10.40000000
2025-06-17 18:02:54.376000+02:00,1.15330000,1147.40000000
2025-06-17 18:02:54.376000+02:00,1.15330000,1158.10000000
2025-06-17 18:02:54.376000+02:00,1.15330000,970.10000000
2025-06-17 18:02:54.376000+02:00,1.15330000,188.00000000
2025-06-17 18:02:54.376000+02:00,1.15330000,152.80000000
2025-06-17 18:02:59.930000+02:00,1.15320000,24.50000000
2025-06-17 18:03:00.228000+02:00,1.15330000,19.90000000
2025-06-17 18:03:00.409000+02:00,1.15320000,200.00000000
2025-06-17 18:03:06.781000+02:00,1.15330000,82.10000000
2025-06-17 18:03:08.333000+02:00,1.15320000,265.50000000
2025-06-17 18:03:08.338000+02:00,1.15320000,7.50000000
2025-06-17 18:03:08.346000+02:00,1.15320000,433.50000000
2025-06-17 18:03:10.178000+02:00,1.15320000,25.00000000
2025-06-17 18:03:11.484000+02:00,1.15320000,536.10000000
2025-06-17 18:03:18.255000+02:00,1.15320000,50.00000000
2025-06-17 18:03:24.594000+02:00,1.15330000,1500.00000000
2025-06-17 18:03:27.664000+02:00,1.15320000,433.30000000
2025-06-17 18:03:29.956000+02:00,1.15320000,38.30000000
2025-06-17 18:03:34.372000+02:00,1.15330000,1528.50000000
2025-06-17 18:03:34.375000+02:00,1.15330000,228.80000000
2025-06-17 18:03:34.375000+02:00,1.15330000,228.80000000
2025-06-17 18:03:34.376000+02:00,1.15330000,228.80000000
2025-06-17 18:03:34.376000+02:00,1.15330000,228.80000000
2025-06-17 18:03:34.377000+02:00,1.15330000,228.70000000
2025-06-17 18:03:34.379000+02:00,1.15330000,185.10000000
2025-06-17 18:03:34.379000+02:00,1.15330000,185.10000000
2025-06-17 18:03:34.379000+02:00,1.15330000,184.80000000
2025-06-17 18:03:34.379000+02:00,1.15330000,185.10000000
2025-06-17 18:03:34.379000+02:00,1.15330000,185.10000000
2025-06-17 18:03:34.397000+02:00,1.15330000,5.40000000
2025-06-17 18:03:38.628000+02:00,1.15330000,671.50000000
2025-06-17 18:03:43.377000+02:00,1.15320000,10.00000000
2025-06-17 18:03:48.585000+02:00,1.15330000,513.00000000
2025-06-17 18:03:53.326000+02:00,1.15320000,39.20000000
